@inproceedings{garg2019validation,
  title={Validation of random dataset using an efficient CNN model trained on MNIST handwritten dataset},
  author={Garg, Adhesh and Gupta, Diwanshi and Saxena, Sanjay and Sahadev, Parimi Praveen},
  booktitle={2019 6th International Conference on Signal Processing and Integrated Networks (SPIN)},
  pages={602--606},
  year={2019},
  organization={IEEE}
}

@article{kashaninejad2009modeling,
  title={Modeling of wheat soaking using two artificial neural networks (MLP and RBF)},
  author={Kashaninejad, M and Dehghani, AA and Kashiri, M},
  journal={Journal of food engineering},
  volume={91},
  number={4},
  pages={602--607},
  year={2009},
  publisher={Elsevier}
}

@article{boughrara2016facial,
  title={Facial expression recognition based on a mlp neural network using constructive training algorithm},
  author={Boughrara, Hayet and Chtourou, Mohamed and Amar, Chokri Ben and Chen, Liming},
  journal={Multimedia Tools and Applications},
  volume={75},
  number={2},
  pages={709--731},
  year={2016},
  publisher={Springer}
}

@article{lecun1998gradient,
  title={Gradient-based learning applied to document recognition},
  author={LeCun, Yann and Bottou, L{\'e}on and Bengio, Yoshua and Haffner, Patrick},
  journal={Proceedings of the IEEE},
  volume={86},
  number={11},
  pages={2278--2324},
  year={1998},
  publisher={Ieee}
}