@InProceedings{maas-EtAl:2011:ACL-HLT2011,
  author    = {Maas, Andrew L.  and  Daly, Raymond E.  and  Pham, Peter T.  and  Huang, Dan  and  Ng, Andrew Y.  and  Potts, Christopher},
  title     = {Learning Word Vectors for Sentiment Analysis},
  booktitle = {Proceedings of the 49th Annual Meeting of the Association for Computational Linguistics: Human Language Technologies},
  month     = {June},
  year      = {2011},
  address   = {Portland, Oregon, USA},
  publisher = {Association for Computational Linguistics},
  pages     = {142--150},
  url       = {http://www.aclweb.org/anthology/P11-1015}
}

@inproceedings{Lang95
,author = "Ken Lang"
,title = "Newsweeder: Learning to filter netnews"
,year = 1995
,booktitle = "Proceedings of the Twelfth International Conference on Machine Learning"
,pages = "331-339"
}

@inproceedings{yenter2017deep,
  title={Deep CNN-LSTM with combined kernels from multiple branches for IMDb review sentiment analysis},
  author={Yenter, Alec and Verma, Abhishek},
  booktitle={2017 IEEE 8th Annual Ubiquitous Computing, Electronics and Mobile Communication Conference (UEMCON)},
  pages={540--546},
  year={2017},
  organization={IEEE}
}

@inproceedings{metsis2006spam,
  title={Spam filtering with naive bayes-which naive bayes?},
  author={Metsis, Vangelis and Androutsopoulos, Ion and Paliouras, Georgios},
  booktitle={CEAS},
  volume={17},
  pages={28--69},
  year={2006},
  organization={Mountain View, CA}
}

@article{vadivukarassi2017sentimental,
  title={Sentimental analysis of tweets using Naive Bayes algorithm},
  author={Vadivukarassi, M and Puviarasan, N and Aruna, P},
  journal={World Applied Sciences Journal},
  volume={35},
  number={1},
  pages={54--59},
  year={2017}
}

